<record xmlns:xsi="http://www.w3.org/2001/XMLSchema-instance" xmlns="http://www.loc.gov/MARC21/slim" xsi:schemaLocation="http://www.loc.gov/MARC21/slim http://www.loc.gov/standards/marcxml/schema/MARC21slim.xsd">

  <leader>00715nam a2200217Ia 4500</leader>
  <datafield ind1=" " tag="999" ind2=" ">
    <subfield code="c">490</subfield>
    <subfield code="d">490</subfield>
  </datafield>
  <controlfield tag="008">161209b2008    sp ||||| |||| 00| | spa d</controlfield>
  <datafield ind2=" " tag="020" ind1=" ">
    <subfield code="a">9788478844104</subfield>
  </datafield>
  <datafield ind1=" " tag="090" ind2=" ">
    <subfield code="a">06.01.01 </subfield>
    <subfield code="b">1847</subfield>
  </datafield>
  <datafield tag="100" ind1="1" ind2=" ">
    <subfield code="a">Schneuwly, Bernard</subfield>
    <subfield code="9">2179</subfield>
  </datafield>
  <datafield ind1="1" tag="245" ind2="0">
    <subfield code="a">Vigotsky hoy /</subfield>
    <subfield code="c">Bernard Schneuwly, Jean-Paul Bronckart, coordinador/a</subfield>
  </datafield>
  <datafield ind2=" " tag="260" ind1=" ">
    <subfield code="a">España : </subfield>
    <subfield code="b">Editorial Popular,</subfield>
    <subfield code="c">[2008?]</subfield>
  </datafield>
  <datafield ind2=" " tag="300" ind1=" ">
    <subfield code="a">197 páginas</subfield>
  </datafield>
  <datafield tag="600" ind1="1" ind2="4">
    <subfield code="9">906</subfield>
    <subfield code="a">VYGOTSKY, LEV SEMIONOVICH </subfield>
  </datafield>
  <datafield ind2="4" ind1="1" tag="650">
    <subfield code="a">PSICOLOGÍA DE LA EDUCACIÓN</subfield>
    <subfield code="9">625</subfield>
  </datafield>
  <datafield tag="650" ind1="1" ind2="4">
    <subfield code="a">LENGUAJE </subfield>
    <subfield code="9">889</subfield>
  </datafield>
  <datafield ind2="4" tag="650" ind1="1">
    <subfield code="a">ENSEÑANZA</subfield>
    <subfield code="9">14</subfield>
  </datafield>
  <datafield ind2="4" tag="650" ind1="1">
    <subfield code="a">PENSAMIENTO</subfield>
    <subfield code="9">368</subfield>
  </datafield>
  <datafield ind2=" " tag="700" ind1=" ">
    <subfield code="a">Schneuwly, Bernard, Bronckart, Jean-Paul, coord</subfield>
  </datafield>
  <datafield ind2=" " ind1=" " tag="700">
    <subfield code="a">Bronckart, Jean-Paul</subfield>
    <subfield code="e">coordinador/a</subfield>
    <subfield code="9">2181</subfield>
  </datafield>
  <datafield tag="942" ind1=" " ind2=" ">
    <subfield code="2">z</subfield>
    <subfield code="c">01</subfield>
  </datafield>
</record>